@article{zinzen_combinatorial_2009,
	title = {Combinatorial binding predicts spatio-temporal cis-regulatory activity},
	volume = {462},
	issn = {0028-0836},
	url = {http://dx.doi.org/10.1038/nature08531},
	doi = {10.1038/nature08531},
	number = {7269},
	journal = {Nature},
	author = {Zinzen, Robert P. and Girardot, Charles and Gagneur, Julien and Braun, Martina and Furlong, Eileen E. M.},
	month = nov,
	year = {2009},
	pages = {65--70}
}

@article{stojnic_2012,
	title = {A Graphical Modelling Approach to the Dissection of Highly Correlated Transcription Factor Binding Site Profiles},
	journal = {Submitted},
	author = {Stojnic, Robert and Fu, Audrey Q. and Adryan, Boris},
	year = {2012}
}
